<record><leader>00000cas a2200000 a 4500</leader><controlfield tag="001">10362256</controlfield><controlfield tag="008">840201d18561882nbuwr ne      0   a0eng  </controlfield><controlfield tag="009">466</controlfield><datafield ind1=" " ind2=" " tag="010"><subfield code="a">sn 84020109 </subfield></datafield><datafield ind1=" " ind2=" " tag="040"><subfield code="a">DLC</subfield><subfield code="b">eng</subfield><subfield code="c">DLC</subfield><subfield code="d">NPX</subfield><subfield code="d">MQN</subfield><subfield code="d">NYS</subfield><subfield code="d">NVG</subfield><subfield code="d">OCLCG</subfield><subfield code="d">DLC</subfield><subfield code="d">OCLCF</subfield></datafield><datafield ind1="0" ind2=" " tag="022"><subfield code="a">2163-7164</subfield><subfield code="2">1</subfield></datafield><datafield ind1="1" ind2=" " tag="029"><subfield code="a">AU@</subfield><subfield code="b">000025804567</subfield></datafield><datafield ind1=" " ind2=" " tag="042"><subfield code="a">pcc</subfield><subfield code="a">nsdp</subfield></datafield><datafield ind1=" " ind2=" " tag="043"><subfield code="a">n-us-nb</subfield></datafield><datafield ind1="0" ind2="0" tag="050"><subfield code="a">Newspaper</subfield></datafield><datafield ind1="1" ind2="0" tag="082"><subfield code="a">070</subfield><subfield code="2">14</subfield></datafield><datafield ind1=" " ind2="0" tag="222"><subfield code="a">Nebraska advertiser</subfield></datafield><datafield ind1="0" ind2="0" tag="245"><subfield code="a">Nebraska advertiser.</subfield></datafield><datafield ind1=" " ind2=" " tag="260"><subfield code="a">Brownville, Nemaha County, N.T. [Neb.] :</subfield><subfield code="b">R.W. Furnas,</subfield><subfield code="c">1856-1882.</subfield></datafield><datafield ind1=" " ind2=" " tag="300"><subfield code="a">27 v. :</subfield><subfield code="b">ill. (chiefly advs.) ;</subfield><subfield code="c">69 cm.</subfield></datafield><datafield ind1=" " ind2=" " tag="310"><subfield code="a">Weekly</subfield></datafield><datafield ind1="0" ind2=" " tag="362"><subfield code="a">Vol. 1, no. 1 (June 7, 1856)-v. 27, no. 21 (Nov. 9, 1882).</subfield></datafield><datafield ind1=" " ind2=" " tag="500"><subfield code="a">Published at Calvert, Mar.-June, 1882; Auburn, June 8-Nov. 9, 1882.</subfield></datafield><datafield ind1=" " ind2=" " tag="530"><subfield code="a">Archived issues are available in digital format as part of the Library of Congress Chronicling America online collection.</subfield></datafield><datafield ind1=" " ind2=" " tag="580"><subfield code="a">Other ed.: Nebraska advertiser (Brownville, Neb. : Daily), Sept. 5-Dec. 24, 1870.</subfield></datafield><datafield ind1=" " ind2=" " tag="580"><subfield code="a">Merged with: Nemaha County journal, to form: Nemaha County journal and Nebraska advertiser.</subfield></datafield><datafield ind1=" " ind2=" " tag="580"><subfield code="a">Brownville telegraph issued to Advertiser subscribers, Dec. 5, 1860-Mar. 14, 1861.</subfield></datafield><datafield ind1=" " ind2="0" tag="651"><subfield code="a">Brownville (Neb.)</subfield><subfield code="v">Newspapers.</subfield></datafield><datafield ind1=" " ind2="7" tag="655"><subfield code="a">Newspapers.</subfield><subfield code="2">fast</subfield><subfield code="0">(OCoLC)fst01423814</subfield></datafield><datafield ind1=" " ind2="7" tag="651"><subfield code="a">Nebraska</subfield><subfield code="z">Brownville.</subfield><subfield code="2">fast</subfield><subfield code="0">(OCoLC)fst01251687</subfield></datafield><datafield ind1="1" ind2=" " tag="700"><subfield code="a">Furnas, Robert W.</subfield><subfield code="q">(Robert Wilkinson),</subfield><subfield code="d">1824-1905.</subfield></datafield><datafield ind1=" " ind2=" " tag="752"><subfield code="a">United States</subfield><subfield code="b">Nebraska</subfield><subfield code="c">Nemaha</subfield><subfield code="d">Auburn.</subfield></datafield><datafield ind1=" " ind2=" " tag="752"><subfield code="a">United States</subfield><subfield code="b">Nebraska</subfield><subfield code="c">Nemaha</subfield><subfield code="d">Brownville.</subfield></datafield><datafield ind1=" " ind2=" " tag="752"><subfield code="a">United States</subfield><subfield code="b">Nebraska</subfield><subfield code="c">Nemaha</subfield><subfield code="d">Calvert.</subfield></datafield><datafield ind1="1" ind2=" " tag="775"><subfield code="t">Nebraska advertiser (Brownville, Neb. : Daily)</subfield></datafield><datafield ind1="1" ind2=" " tag="776"><subfield code="c">Microfilm</subfield><subfield code="d">Nebraska State Historical Society</subfield><subfield code="w">(DLC)sn 94056249</subfield><subfield code="w">(OCoLC)31004904</subfield></datafield><datafield ind1="1" ind2=" " tag="776"><subfield code="t">Nebraska advertiser (Online)</subfield><subfield code="x">2169-5261</subfield><subfield code="w">(DLC)  2012203859</subfield><subfield code="w">(OCoLC)778032585</subfield></datafield><datafield ind1="0" ind2="5" tag="780"><subfield code="t">Union (Aspinwall, Neb.)</subfield><subfield code="g">1861</subfield></datafield><datafield ind1="0" ind2="5" tag="780"><subfield code="t">Calvert courier (Calvert, Neb.)</subfield></datafield><datafield ind1="1" ind2="7" tag="785"><subfield code="t">Nemaha County journal</subfield></datafield><datafield ind1="1" ind2="7" tag="785"><subfield code="t">Nemaha County journal and Nebraska advertiser</subfield></datafield><datafield ind1="1" ind2=" " tag="787"><subfield code="t">Brownville telegraph bulletin</subfield><subfield code="w">(DLC)sn 95069226</subfield><subfield code="w">(OCoLC)32059941</subfield></datafield><datafield ind1="4" ind2="1" tag="856"><subfield code="u">http://www.loc.gov/chroniclingamerica/lccn/sn84020109/issues</subfield></datafield></record>